<record><leader>00000cas a22000007a 4500</leader><controlfield tag="001">18782702</controlfield><controlfield tag="008">881118d18961910pauwr ne      0    0eng d</controlfield><datafield ind1=" " ind2=" " tag="010"><subfield code="a">sn 88079556 </subfield></datafield><datafield ind1=" " ind2=" " tag="040"><subfield code="a">NPH</subfield><subfield code="b">eng</subfield><subfield code="c">NPH</subfield><subfield code="d">OCLCQ</subfield></datafield><datafield ind1=" " ind2=" " tag="042"><subfield code="a">msc</subfield></datafield><datafield ind1="0" ind2="0" tag="245"><subfield code="a">Sunday messenger-graphic.</subfield></datafield><datafield ind1=" " ind2=" " tag="260"><subfield code="a">Erie [Pa.] :</subfield><subfield code="b">Sunday Messenger Pub. Co.</subfield></datafield><datafield ind1=" " ind2=" " tag="300"><subfield code="a">v. :</subfield><subfield code="b">ill.</subfield></datafield><datafield ind1=" " ind2=" " tag="310"><subfield code="a">Weekly</subfield></datafield><datafield ind1="1" ind2=" " tag="362"><subfield code="a">Began in 1896; ceased in 1910?</subfield></datafield><datafield ind1=" " ind2=" " tag="588"><subfield code="a">Description based on: Vol. 5, no. 31 (Aug. 28, 1898).</subfield></datafield><datafield ind1=" " ind2=" " tag="752"><subfield code="a">United States</subfield><subfield code="b">Pennsylvania</subfield><subfield code="c">Erie</subfield><subfield code="d">Erie.</subfield></datafield><datafield ind1="0" ind2="4" tag="780"><subfield code="t">Erie Sunday messenger</subfield></datafield><datafield ind1="0" ind2="4" tag="780"><subfield code="t">Erie Sunday graphic (Erie, Pa. : 1894)</subfield><subfield code="w">(DLC)sn 88079555</subfield></datafield><datafield ind1="0" ind2="4" tag="785"><subfield code="t">Erie evening herald</subfield><subfield code="w">(DLC)sn 85038418</subfield></datafield></record>